2816 4120
270 163 1077 212 en meestergasten doen ook mede aan die
269 215 1076 263 menschenplagerij, want alras vergeten
273 262 1077 314 die kerels wat zij vroeger waren en den-
266 310 918 362 ken dat hun alles toegelaten is.
317 375 1077 425 Bij de wevers worden goede boomen
264 428 1071 475 geruild tegen wat drinkcenten of wat
269 479 1078 524 pinten bier en de getouwen worden aan
264 528 935 574 de meest biedenden geschonken.
305 589 1079 636 Bij de spoelsters worden op zeker fa-
263 639 1069 685 briek de meisjes fr. 1,50 afgehouden,
263 689 1077 734 wanneer zijn een slotje breken, somtijds
265 739 1075 786 door de schuld der onbekwamen die met
263 789 1072 836 het nazicht der spoelmolens belast zijn.
317 851 1073 896 Voor het minste vergrijp gooit men de
270 902 1073 945 werklieden aan de poort. De werkers-
257 953 1074 995 wetten, daar vagen de fabrikanten hun-
272 1001 1077 1042 ne knokken aan, en met den werktoe-
263 1053 1074 1095 zichter zitten zij zooveel in als St-Rochus
272 1100 1074 1145 met de vlooien van zijn hond. Die hee-
263 1150 1073 1194 ren gevoelen zich hier zoo vrij als de
263 1200 641 1246 vogels in de lucht.
302 1261 1072 1309 Nu met de crisis gevoelen de fabriek-
257 1313 1072 1356 werkers het schrikkelijke hunner hon-
260 1365 474 1409 gerloonen.
306 1424 1073 1469 Buiten enkele uitzonderingen wint
263 1475 1071 1521 geen wever sinds maanden meer dan
263 1528 629 1571 9 frank per week.
300 1589 1062 1632 Maar buiten de wevers zijn er nog an-
261 1637 1068 1679 dere fabriekswerkers die het hard te ver-
258 1688 1072 1732 duren hebben, en die eene grenzelooze
257 1739 1031 1784 onverschilligheid aan den dag leggen.
303 1798 1071 1845 Wij bedoelen de verwers, apprêtteurs,
258 1849 1073 1895 stukkenplooiers, calandreurs, enz., die
258 1899 1073 1942 zich een hoopje kluiten als loon in de
260 1949 1071 1992 vuisten laten stoppen, nog niet genoeg
254 1999 735 2042 om een hond te voeden.
296 2058 1073 2105 De verwers winnen fr. 0,23 per uur.
260 2110 1069 2156 Als zij eene heele week mogen werken
267 2161 1071 2207 hebben zij wel 14 fr. Maar nu mogen zij
260 2213 1066 2256 soms maar vier dagen werken. Ik laat u
258 2261 969 2307 uitrekenen hoeveel zij dan oprapen.
306 2322 1069 2368 Bij de apprêtteurs, stukkenplooiers,
259 2372 1069 2415 calandreurs is het niet veel beter. Bui-
260 2423 1069 2466 ten enkele uitzonderingen wint geen en-
262 2472 1067 2516 kele boven de 24 à 25 centiemen per uur!
299 2535 1068 2580 Op de loonen afgaande, kunt gij gissen
257 2585 1065 2626 hoe het er moet uitzien bij deze onge-
258 2633 1065 2679 lukkigen, nu zij somtijds maar vier of
251 2687 1026 2732 vijf dagen in de week mogen werken.
293 2745 1064 2792 Wat al moeite hebben wij gedaan om
258 2798 893 2844 hen tot organisatie te bewegen!
290 2856 1066 2902 Wij zijn er in gelukt een 30tal dezer
255 2909 1071 2954 werklieden in onze vereeniging te krij-
253 2958 869 3005 gen, maar dat is zoo weinig...
299 3018 836 3066 Hoe is het toch mogelijk!
296 3084 1070 3128 Die menschen zien nu hunne honger-
259 3132 1066 3175 loonen met 2 frank en meer per week
251 3182 1066 3229 verminderen door de crisis. Zij mogen
260 3231 1070 3276 nu bijna niet werken omdat zij, als het
257 3282 1062 3328 goed ging in de nijverheid, te naarstig
257 3333 1063 3376 waren, te veel voortgebracht hebben. En
252 3382 1066 3424 zij kunnen er niet toe besluiten weke-
251 3433 1069 3475 lijks 25 centiemen te sparen in eene ver-
251 3481 1071 3529 eeniging, om hoogere loonen en betere
252 3532 930 3578 werkvoorwaarden af te dwingen.
297 3588 1073 3639 De fabriekwerkers zijn dus de onge-
252 3639 1070 3686 lukkigste slaven van de nijverheidswerk-
258 3691 1070 3737 lieden van Kortrijk. Armoede en ontbe-
253 3739 1066 3785 ring hebben op hunnen bleeke gezichten
254 3791 1065 3838 diepe sporen nagelaten. Hunne vrouwen
1124 173 1934 219 en kinderen loopen in lompen gehuld
1127 221 1932 267 en zien met schrik den winter te gemoet.
1160 269 1933 318 Wij beschuldigen hier onze leden zelf
1122 322 1694 369 hunnen plicht niet te doen!
1163 378 1932 425 Het bestuur heeft schoon zijn best te
1124 429 1931 476 doen wanneer de leden niet medehelpen.
1166 488 1931 533 Het heeft geen zin eene bijdrage te be-
1127 538 1931 582 talen en naar de rest niet om te zien. Als
1127 589 1929 633 er staking uitbreekt staat gij verstomd
1121 639 1932 684 over het getal onvereenigden die altoos
1128 689 1872 732 de schuld zijn dat een strijd mislukt.
1157 747 1928 792 Op de fabrieken moet de propaganda
1127 795 1929 842 onder de overeenig�en bestendig zijn!
1116 847 1929 891 Die menschen komen bij ons niet, omdat
1116 896 1928 942 zij ons niet kennen, onzen strijd niet be-
1121 947 1280 995 grijpen.
1166 1005 1928 1050 Neemt een voorbeeld aan de dompers.
1115 1055 1929 1100 Die wroeten als de mollen om onze
1124 1104 1811 1149 klasse, hun klasse, te verdeelen.
1163 1163 1931 1208 Zouden wij dan den moed niet hebben
1125 1213 1931 1260 om ons best te doen om haar te vereeni-
1119 1265 1226 1314 gen?
1157 1328 1928 1378 Aan de propaganda, kameraden, tot
1121 1388 1928 1437 grootmaking der vereeniging, het af-
1122 1444 1806 1493 doend middel voor onze redding!
1715 1513 1886 1552 MARINO.
1205 1688 1847 1783 Loonkaarten
1166 1812 1933 1857 In de arbeidersbeweging is kennis
1121 1861 1931 1907 van de werkelijke toestanden, van het
1120 1916 1934 1959 werken en leven der arbeiders eene
1115 1966 1607 2010 eerste noodzakelijkheid.
1158 2022 1931 2068 Bij ieder onderhoud met de fabrikan-
1115 2073 1929 2122 ten gevoelt men de leemte, namelijk:
1119 2126 1930 2171 Niet goed genoeg op de hoogte te zijn
1119 2177 1933 2221 van de manier hoe andere fabrieken wer-
1118 2227 1933 2272 ken, het getal werkuren, getal getouwen
1118 2279 1929 2321 die bewerkt worden, de fijnheid van de
1115 2326 1929 2374 spinmolens,de snelheid der mekanieken
1113 2380 1926 2425 en dus hunne voortbrengst per spil en
1116 2430 1931 2476 getouw, enz. Ook de in voege zijnde ta-
1109 2481 1930 2527 rieven, alsook de gezondheidsmaatrege-
1121 2532 1928 2578 len en de toepassing der werkerswet-
1116 2582 1196 2631 ten.
1157 2646 1929 2691 ZULKS MOET EEN SECRETARIS
1115 2704 1931 2748 WETEN EN ZULKS KAN EEN SECRE-
1121 2764 1929 2808 TARIS NIET WETEN ZONDER DE
1110 2820 1935 2865 HULP VAN DE WERKLIEDEN van de
1114 2882 1809 2927 verschillende nijverheidsplaatsen.
1148 2937 1922 2983 Daar wij, bij ondervinding, weten dat
1111 2989 1930 3034 als men van de werklieden te veel vraagt
1112 3041 1930 3085 — al is het ook in hun eigen belang —
1124 3091 1930 3137 men gevaar loopt niets te verkrijgen,
1114 3142 1927 3186 willen wij beginnen met het begin, en
1114 3193 1928 3238 zijn zinnens aan een zeker getal leden
1113 3244 1927 3289 onzer vereenigingen in de maand decem-
1114 3294 1929 3341 ber loonkaarten te bestellen, die zij van
1114 3346 1929 3389 af Nieuwjaar tot einde december 1909
1110 3395 1677 3443 regelmatig moeten invullen.
1152 3450 1928 3500 Het werkje dat wij aldus voor onze le-
1121 3502 1860 3552 den vragen, is gemakkelijk te doen.
1157 3563 1928 3612 Men heeft slechts elke week zijn loon
1121 3614 1928 3661 in te vullen, alsook het getal dagen dat
1115 3667 1811 3710 men werkeloos of ziek is geweest.
1161 3727 1431 3774 Bijvoorbeeld.
1137 3797 1926 3853 Loontabel, in te vullen door X, oud
1985 176 2759 228 26 jaren, werkend bij Z..., te Rousse-
1985 226 2119 272 laere:
2049 331 2100 564 Algemeene
2114 314 2164 582 inlichtingen
2270 308 2311 579 Zuiver lijnwaad
2311 307 2346 539 op twee 7/4 ge-
2349 407 2379 540 touwen.
2039 628 2171 680 Ziekte
2287 624 2341 678 —
2009 738 2213 792 Ongevallen
2288 740 2339 791 —
2002 881 2210 916 Werklooze
2052 839 2166 877 dagen
2289 855 2341 899 2
2041 992 2173 1031 Totaal
2013 949 2203 990 per maand
2291 945 2343 1035 90.50
2034 1071 2087 1134 5de
2103 1053 2158 1148 week
2292 1058 2342 1143 14.50
2034 1176 2085 1244 4de
2103 1169 2153 1264 week
2291 1172 2341 1259 19 00
2037 1290 2087 1364 3de
2106 1278 2158 1376 week
2290 1284 2340 1372 23 50
2036 1410 2089 1475 2de
2106 1393 2157 1490 week
2291 1395 2342 1484 14.50
2037 1520 2089 1587 1ste
2108 1506 2158 1605 week
2291 1510 2342 1598 19 00
2083 1661 2134 1782 1909
2291 1620 2342 1822 Januari ....
2480 1624 2531 1824 Februari ...
2667 1621 2719 1824 Maart ......
2020 1852 2763 1898 Ziedaar wat wij van onze leden vrag-
1975 1912 2067 1950 gen.
2018 1965 2764 2014 Over twee jaren hebben wij zulks
1976 2024 2762 2070 reeds beproefd, doch het was eene nieu-
1973 2074 2761 2117 wigheid en slechts enkele kaarten wer-
1976 2125 2761 2171 den ons behoorlijk ingevuld terug ge-
1976 2182 2107 2223 geven.
2012 2238 2761 2287 Wij dringen aan opdat dit werkje goed
1976 2294 2760 2339 gedaan worde, want zulks moet ons
1968 2343 2760 2391 machtige wapens leveren tegen de pa-
1975 2396 2760 2439 troons en zal vele kostelijke onderzoe-
1977 2449 2292 2497 ken vervangen.
2012 2506 2759 2555 Het is daarenboven eene noodzakelijk-
1976 2563 2760 2606 heid, om het recht der werklieden te ver-
1974 2614 2760 2660 zekeren, die het slachtoffer van een on-
1974 2665 2757 2714 geval worden, — en wie is daar vrij van?
1972 2712 2760 2760 — opdat zij de schadevergoeding genie-
1976 2765 2567 2812 ten waarop zij recht hebben.
2016 2819 2758 2880 Nu bijzonderlijk dat in de laatste ja-
1977 2880 2754 2927 ren sommige fabrikanten en verzeke-
1975 2924 2759 2979 ringsmaatschappijen alles in 't werk
1972 2984 2757 3026 stellen om de slachtoffers van werkonge-
1970 3031 2758 3078 vallen te benadeelen is het voor allen
1973 3078 2758 3129 een duren plicht ons mede te hepen, op-
1972 3127 2756 3184 dat de getroffenen hun rechten verkrij-
1973 3193 2072 3233 gen.
2013 3249 2757 3297 Aan 't werk dus, kameraden, uwe se-
1968 3299 2757 3357 cretaris of bode zal u deze maand de
1968 3362 2754 3413 kaart bestellen. Vult ze regelmatig in
1970 3420 2756 3478 en gij bewijst u zelven en onze klasse
1974 3484 2409 3535 eenen grooten dienst.
2022 3559 2743 3606 Voor de Federatie van 't Zuiden van
2189 3619 2577 3666 West-Vlaanderen:
2471 3687 2727 3738 A. DIERKENS.
1975 3802 2751 3853 Gent. Samenw «Volksdrukkerij». Hoogpoort. 29.
