5145 7122
492 290 1135 342 1ste Jaar. — N° 7
2052 218 3066 376 Vijf centiemen het nummer
3338 212 4950 372 Zondag 31 Jan. en Maandag 1 Feb. 1915
482 1076 4972 1151 De Belgische Standaard
1022 1341 2060 1403 Voor alle mededeelingen zich wenden tot:
640 1419 2426 1489 VILLA MA COQUILLE, ZEEDIJK, DE PANNE.
3132 1339 4728 1395 Aankondigingen: 0,25 fr. de regel — Reklamen: 0,40 fr. de regel
3282 1413 4532 1469 Vluchtelingen: 3 inlasschingen van 2 regels, 0,50 fr.
486 1594 1306 1752 De Paus en de Oorlog
522 1763 1336 1803 In het Consistorie van 22en Januari, heeft
474 1815 1316 1853 Benedictus XV eene merkwaardige rede uit-
482 1869 1330 1905 gesproken over den oorlog. De H. Vader zegt
482 1919 734 1957 onder ander:
528 1965 1340 2005 » Eilaas, de maanden vliegen om, en nog zien
502 2017 1334 2057 wij geen hoop stralen, dat deze zoo noodlottige
486 2069 1336 2107 oorlog, of liever die moorderijen, zullen ophou-
490 2122 574 2159 den.
534 2170 1318 2207 » Mochten wij ten minste de smartelijke ge-
478 2215 1334 2257 volgen verminderen van den fellen geesel, waar-
502 2267 1336 2309 van het ons niet gegeven wordt het einde te
494 2318 1340 2359 verhaasten! Wij hebben het gedaan tot hiertoe
486 2368 1326 2409 zooveel het in onze macht was, en wij zullen
490 2419 1338 2459 er in volharden zoolang het noodig zal wezen.
490 2471 1340 2511 Meer laat onze apostolische zending ons niet
482 2519 1334 2561 toe, voor 't oogenblik, te doen. Maar zonder
478 2569 1340 2611 eenigen twijfel is het een der hoogste plichten
496 2619 1324 2661 van den Opperherder — door God aange-
490 2669 1336 2711 steld alz zijn opperste woordvoerder — te ver-
480 2719 1340 2761 klaren dat het nietmand toegelaten is, voor
486 2772 1336 2812 gelijk welke reden, de rechtvaardigheid te
487 2807 677 2857 schenden.
528 2846 1343 2905 » De pauselijke overheid in te laten met de
492 2911 1328 2955 oorzaak zelve die de oorlogvoerenden verdeelt,
486 2961 1318 3007 is onnoodig. Het zal alle bezadigde geesten
490 3015 1344 3055 duidelijk worden, dat de Heilige Stoel, al volgt
482 3063 1338 3109 hij dezen schrikkelijken strijd met de uiterste
494 3113 1330 3159 aandacht, toch gedwongen is eene volkomene
494 3169 1030 3209 onpartijdigheid te behouden.
536 3213 1344 3259 » De Roomsche Opperherder, die van den
492 3263 1326 3309 eenen kant de stadhouder is van Jezus-Christus
486 3315 1338 3361 gestorven voor allen en voor eenieder, van den
498 3365 1332 3411 anderen kant de gemeene Vader der katholie-
496 3415 1348 3461 ken, moet alle strijders vereenigen in een en
504 3467 1338 3511 hetzelfde liefdegevoel. Langs iedere zijde der
486 3515 1334 3559 oorlogvoerders heeft hij een groot aantal zonen,
484 3565 1340 3607 wier zaligheid hij even veel betracht. Hij moet
494 3615 1334 3659 dus vooral in 't oog houden, niet de speciale
486 3667 1330 3711 belangen die ze verdeelen, maar den gemee-
498 3717 1258 3759 nen geloofsband die ze tot broeders maakt.
520 3768 1338 3809 » Moest hij anders handelen, hij zou niet
490 3818 1336 3859 enkel den vrede dienen, maar wat erger
496 3867 1340 3911 is, den godsdienst aan haat en tegenzin prijs-
478 3916 1334 3967 geven, en de rust en de innerlijke eendracht
494 3969 1222 4013 der Kerk blootstellen aan erge gevaren.
522 4021 1324 4061 » Al verbinden wij ons nochtans tot geen
480 4069 1340 4115 een der beide partijen, toch zijn wij met beide
500 4123 1334 4165 evenveel bezorgd, zooals wij gezegd hebben,
494 4171 1330 4215 terwijl wij met angst en ontroering de schrikke-
486 4223 1330 4267 lijke gebeurtenissen van dezen oorlog volgen;
492 4271 1334 4315 wij doen dit des te meer, daar het te vreezen is
496 4325 1324 4367 dat het geweld van den aanval, somtijds alle
494 4379 886 4425 palen te buiten gaat.
526 4431 1346 4473 » Onze aandacht wordt daarbij natuurlijk
482 4477 1336 4525 getrokken naar de zijde waar eerbiedige ge-
486 4531 1332 4575 hechtheid aan den gemeenen Vader der geloo-
500 4583 1344 4625 vigen, op de levendigste wijze, aan den dag
508 4631 1330 4675 wordt gelegd, zooals bijvoorbeeld ons teer-
504 4683 1336 4727 geliefd Belgisch volk, getuige daarvan de
504 4735 1326 4775 brief dien wij kort geleden aan den Kardi-
492 4785 1332 4825 naal-Aartsbisschop van Mechelen gericht
494 4839 648 4879 hebben.
528 4889 1340 4931 » En hier roepen wij de gevoelens van men-
490 4941 1336 4979 schelijkheid in, bij hen die de grenzen van
498 4989 1340 5029 tegenstrevers zijn overgetreden, ze smee-
494 5039 1342 5079 kende de overweldigde streken toch niet meer
486 5087 1330 5131 te verwoesten, dan het streng vereischt wordt
496 5141 1340 5181 door de noodwendigheden der militaire bezet-
494 5191 1332 5231 ting, en — hetgeen nog van grooter belang
508 5241 1348 5279 is — zich te wachten de inwoners te kwetsen
502 5291 1330 5331 in hunne duurbaarste gevoelens, als kerken,
498 5339 1338 5381 priesters, rechten van den godsdienst en van
502 5391 1334 5431 't geloof, indien het niet volstrekt noodzakelijk
494 5443 1344 5481 is; want wij begrijpen zeer wel hoe pijnlijk
490 5491 1348 5531 het moet zijn, voor hen die den vijand hun
508 5541 1348 5579 vaderland zien bezetten, onder het vreemde
492 5593 1332 5631 juk gebukt te gaan; we zouden nochtans niet
506 5643 1322 5679 willen dat het vurig verlangen om hunne onaf-
494 5691 1348 5731 hankelijkheid te veroveren, ze bracht tot eene
502 5741 1340 5781 schennis der openbare orde, waardoor zij hun-
508 5793 1192 5831 nen toestand zouden verergeren.....»
540 5847 1322 5885 De Paus maant zijne toehoorders dan aan
486 5893 1336 5937 hunne toevlucht tot het gebed te nemen en
510 5946 738 5991 zegt verders:
542 5999 1336 6037 .....«Wij denken niet dat de vrede uit de
506 6045 1340 6087 wereld geweken is zonder goddelijke goedkeu-
496 6095 1336 6139 ring. God laat toe, dat de volkeren, die al hun-
494 6143 1318 6189 ne gedachten gezet hadden op aardsche goede-
506 6193 1330 6239 ren, malkander door onderlinge moorderijen
496 6241 1318 6291 straffen voor de verachting en de onverschil-
500 6291 1320 6345 ligheid die zij jegens Hem aan den dag leg-
516 6339 664 6385 den.....»
544 6391 1338 6443 De H. Vader schrijft voorts twee dagen van
506 6442 1332 6495 openbare gebeden voor, die zullen gehouden
512 6488 1192 6545 worden op 7 Februari en 21 Maart.
536 6618 1338 6677 De «Figaro», in een hoofdartikel van Julien
500 6670 1332 6729 de Narfon, geeft enkele zeer juiste beschouwin-
1400 1587 2236 1623 gen over deze redevoering van den H. Vader.
1384 1637 2236 1677 Op wie, vraagt hij, valt den blaam van den
1384 1689 2232 1727 Paus, zoo niet op de Duitschers? Zijn zij het
1396 1737 2232 1775 niet, die het gezworen woord hebben ver-
1390 1787 2226 1825 kracht, gijzelaars, gekwetsten, priesters, ouder-
1382 1837 2224 1875 lingen, vrouwen, kinderen hebben vermoord?
1382 1891 2226 1927 Aan hen zijn te wijten de folteringen, vern�n-
1386 1941 2234 1975 kingen, sadieke gewelddaden, kerkenbranden,
1384 1974 1468 2025 enz.
1414 2036 2236 2080 » Wel is waar wacht Benediktus XV zich op
1398 2093 2236 2126 diplomatische wijze, wel deze gruwelen aan te
1390 2143 2224 2179 stippen. Maar hij bewijst dat hij ze kent en
1398 2191 2224 2227 laakt. En welken graad van onbewustheid
1392 2245 2236 2279 moesten onze vijanden niet bereikt hebben, om
1394 2291 2214 2329 zich in te beelden dat de Stadhouder van Chris-
1398 2343 2216 2379 tus deze daden als onverschillig zou aanzien.»
1414 2395 2224 2431 Als gemeene Vader van alle katholieken,
1388 2443 2242 2483 zegt de Paus, is hij verplicht eene volkomene
1398 2497 2222 2532 onpartijdigheid te behouden; maar door zijne
1392 2544 2222 2583 redevoering van 22 Januari, is hij die onpartij-
1398 2597 2238 2633 digheid te buiten gegaan, niet alleen naar het
1390 2647 2220 2685 feit, maar ook naar het recht. Bevestigt hij niet,
1392 2695 2208 2733 met duidelijke woorden, dat onpartijdigheid —
1382 2747 2222 2783 niet, wel is waar, politieke, maar moreele on-
1382 2799 2234 2836 partijdigheid — bij den H. Stoel niet overeen
1382 2849 2234 2886 te brengen is met de essentieele zending van
1394 2897 2232 2937 het Hoofd der Kerk: «Zonder eenigen twijfel
1400 2947 2226 2987 is het een der hoogste plichten van den Opper-
1382 2997 2230 3035 herder — door God aangesteld als zijn opper-
1382 3047 2228 3087 ste woordvoerder — te verklaren dat het nie-
1386 3099 2234 3139 mand toegelaten is, voor gelijk welke rede, de
1386 3149 1946 3187 rechtvaardigheid te schenden.»
1420 3199 2236 3239 «Dat is, zegt Julien de Narfon, wat ik steeds
1392 3251 2228 3289 herhaalde, aan den Paus komt het toe eerst het
1390 3301 2232 3341 recht te verklaren, en vermits er een christelijk
1384 3351 2226 3391 recht van den Oorlog is, dat elken dag door de
1392 3399 2228 3439 Duitschers verkracht wordt met een maximum
1382 3451 2224 3491 onbeschaamdheid en wreedheid, kan men klaar
1400 3499 2228 3543 genoeg de gevolgen trekken uit het beginsel
1404 3551 2220 3591 vastgesteld of liever plechtig herinnerd door
1385 3588 1716 3638 Benedictus XV.»
1426 3649 2112 3693 Wat verder zegt de schrijver nog.
1422 3703 2230 3743 » Niet moeilijk valt het te besluiten uit
1402 3753 2220 3791 's Pausen woorden, dat hij heel goed weet
1382 3803 2222 3843 waaraan zich te houden nopens de broosheid
1384 3851 2236 3891 van den band, dien hij zou vreezen te breken
1390 3905 2236 3949 door eene duidelijke en strenge rechtvaardig-
1400 3955 2218 3995 heid. Die vrees kan voorzeker enkel Duitsch-
1392 4007 2232 4043 land en Oostenrijk gelden, vermits wij de
1392 4057 2222 4095 strengheid van wege het hoofd der Kerk maar
1400 4107 2236 4143 enkel konden toejuichen. Maar het Katholieke
1390 4157 2222 4195 Oostenrijk, maar de Katholieken van Duitsch-
1384 4209 2216 4245 land, op welke manier zouden zij het recht-
1392 4259 2232 4295 vaardige oordeel van den Paus aanvaarden?
1384 4309 2236 4345 Nu, de Paus weet heel goed dat het Oosten-
1382 4359 2226 4397 rijksch Katholicism niets is dan louter étiquet-
1392 4409 2236 4447 te, parade, «grimaces», om een sterke uit-
1398 4461 2228 4499 drukking van Bossuet te gebruiken. Laat ons
1398 4515 2244 4553 ook niet vergeten dat de Duitsche Katholieken
1382 4565 2236 4605 sedert lang gewoon zijn enkel naar eigen wil
1400 4617 2236 4655 te luisteren, niettegenstaande de pauselijke lei-
1390 4667 2224 4705 ding of besluiten. Wij weten hoe zij de wereld
1382 4717 2232 4755 brieven van Pius X aanvaardden toen deze
1390 4769 2242 4809 tegen hunne zienswijze aandruisten... Het is
1392 4819 2234 4859 overigens uit Duitschland dat het Modernism
1394 4867 2234 4907 kwam. Van dien kant zou Benoit XV niet zon-
1382 4919 2224 4957 der gevaar kunnen weerstaan aan driften waar-
1390 4971 2124 5007 van wij de hevigheid genoeg kennen.
1414 5019 2228 5059 De Duitsche Katholieken hebben geen ver-
1390 5069 2232 5107 stand van grootmoedigheid. Maar ze hebben de
1398 5121 2232 5159 lijdzaamheid van den Paus noodig. En de
1382 5171 2232 5207 Paus wil geen scheuring verwekken, noch het
1404 5221 2232 5259 gevaar der wraakneming loopen waarvan de
1390 5268 2222 5311 Kerk in Duitschland misschien zoute lijden heb-
1384 5322 2228 5359 ben. De Kulturkampf is zoo ver niet van ons....»
1390 5501 2152 5555 Opstand te Laybach,
1582 5573 2236 5633 Agram en Trieste
1938 5668 2186 5713 Geneva 27.
1438 5748 2236 5791 Volgens een niet gecensureerde
1398 5802 2228 5847 telegram uit Oostenrijk verzonden,
1386 5856 2216 5899 zou het bevel van oproeping der laat-
1382 5910 2228 5955 ste reserveklassen eene onbeschrijfli-
1398 5966 2226 6009 ke opschudding teweeg gebracht
1382 6021 2210 6060 hebben onder al de Slaafsche volke-
1382 6073 1824 6116 ren van het zuiden
1432 6129 2236 6172 Zondag morgen, na het sermoen
1394 6186 2230 6224 van een Slaafsch priester, te Laybach
1394 6236 2230 6280 verliet het volk in alle geweld de
1390 6293 2218 6332 Kathedraal, al roepende: «Weg met
1382 6350 2228 6393 den oorlog, weg met Niemec (weg
1382 6404 2232 6443 met den Duitsch).» De gendarmen
1382 6457 2224 6496 wierden aangevallen, geweerschoten
1398 6508 2230 6553 gelost, 't paleis van den oud-prefect
1386 6565 2214 6608 werd in brand gestoken, de meubels
1390 6617 2156 6662 verbroken en op straat geworpen.
1414 6680 2226 6725 Te Agram. — Opstandelingen onder
2288 1592 3140 1628 't geleide van studenten, scheuren
2284 1642 3140 1682 overal de plakbrieven waardoor de
2278 1696 3122 1737 oproeping wordt aangekondigd. Een
2284 1749 3118 1790 Hongaarsch bediende wierd erg mis-
2290 1804 2476 1847 handeld.
2318 1862 3118 1905 Te Karlstadt (in Moraviza), heerschen
2274 1914 3056 1961 veelbeduidende geweldenarijen.
2318 1973 3114 2016 Te Lusak (bij Fium), werd het arse-
2280 2029 3120 2068 naal geplunderd. Eene overgroote me-
2280 2085 3132 2124 nigte volk van Opcina trok op naar
2290 2137 3124 2176 Trieste, om daar mêe te manifestee-
2288 2191 3140 2232 ren. Ze braken alle de kiosken af
2286 2244 3120 2287 waar het mobilisatie-bevel was aan-
2278 2300 3136 2343 geplakt. Men zegt dat er 2 dooden
2286 2358 2390 2401 zijn.
2366 2463 2766 2510 Opstand in
2630 2541 3118 2590 Transylvanie.
2336 2628 3136 2671 In Transylvanie wordt een opstand
2292 2684 3140 2725 gestookt, en strekt uit over heel 't
2278 2737 3114 2780 land. De Gouverneur, graaf van Beth-
2278 2793 3118 2834 len, heeft order gegeven al de opstan-
2280 2846 2824 2893 delingen te fusilleeren.
3352 1530 4768 1684 Laatste Berichten.
3244 1682 4928 1728 Een groot geweld was aangekondigd van den kant der Duitschen. 't Is
3174 1740 4938 1790 gekomen, maar niet ten hunnen voordeele gekeerd. Alle de Dtuische aan-
3188 1802 3788 1844 vallen werden afgeslagen.
3286 1862 4944 1905 IN BELGIE, zijn de vijandelijke posities aangevallen geweest, en vele
3174 1920 3912 1961 zijner loopgrachten vernietigd.
3272 1975 4928 2019 Ten Zuiden der Leie hebben de Engelschen overal de Duitsche troepen
3176 2034 3476 2080 aangevallen.
3270 2094 4924 2138 IN FRANKRIJK, in de streek van Arras, Albert, Roye, Noyon en Soissons,
3178 2148 4936 2200 heeft de vijand een aanval gewaagd, maar wierd welhaast teruggedreven.
3182 2210 4938 2258 Rond Craonne hebben de Duitschen den 25 en 26, meer dan een brigade
3176 2268 4932 2313 mannen verloren. De Duitsche gevangenen zeggen dat hunne verliezen
3190 2328 4932 2369 overgroot waren. Het getal dooden, gekwetsten en verdwenenen van Fran-
3182 2386 4926 2430 schen kant, beloopt omtrent 800 mannen; dit ten gevolge van de hevigheid
3190 2444 4932 2490 van de strijd, en ook ten gevolge van de instorting eener steengroef. Vele
3184 2504 4624 2546 dier mannen moeten gevangen genomen zijn door den vijand.
3290 2562 4936 2610 Drie aanvallen in Argonne, te Fontaine Madame, zijn afgeslagen geweest.
3278 2618 4932 2671 Wij hebben omtrent 400 meters veld gewonnen in het Vogeesch gebergte,
3174 2680 4932 2725 ten noorden van den berg Signal. De Verbondenen hebben de andere ver-
3186 2736 4664 2784 sterkingen veroverd ten Z.-W. van Senones en Bau de Launois.
3280 2794 4048 2840 Vooruitgang in Alsace gewonnen.
3272 2854 4592 2902 Bij Cornay zijn de Duitsche aanvallen achteruitgeslagen.
3270 2912 4916 2964 Ingezien de dooden die liggen op de velden van Argonne, Wœvre en op
3182 2973 4920 3027 de Vogeezen, zouden de Duitsche verliezen, binst die drie laatste dagen,
3182 3031 4086 3073 hooger beloopen dan 20,000 mannen.
2286 3010 3130 3164 Algemeen Overzicht
2326 3180 3082 3334 OP HET WESTELIJK LEGERFRONT
2324 3331 3114 3377 Van de Zee tot Arras: Menigeen
2296 3391 3130 3437 vreesde dat de verjaardag van Attila II
2280 3446 3120 3496 misschien wel nadeelig kon zijn voor de
2286 3505 3132 3553 bondgenooten. 't Gerucht was immers in
2292 3564 3124 3609 omloop dat de vijandelijke legers bevel
2288 3623 3132 3671 gekregen hadden kost wat kost eene
2290 3681 3114 3728 groote zegepraal te behalen op de engel-
2286 3742 3118 3794 sche troepen. Men verzekerde ons dat
2278 3802 3114 3852 er diensvolgens vele versterkingstroepen
2288 3863 3120 3909 gezonden waren naar het zuiden van
2286 3919 3122 3969 België. Inderdaad, in deze laatste dagen
2286 3977 3122 4029 werd er hevig gevochten in deze streek,
2296 4034 3128 4090 en Attila II heeft van de bondgenooten,
2288 4096 3122 4146 niet van zijne krijgers, een geschenk, ont-
2280 4154 2974 4206 vangen dat hij lang zal bewaren.
2332 4215 3114 4269 Om niet te spreken van den vooruit-
2280 4277 3116 4325 gang dien wij gemaakt hebben, bij
2288 4336 3116 4385 St. Joris en Pervyse verheugen wij
2294 4392 3124 4441 ons terecht over de andere krijgsverrich-
2286 4449 2434 4498 tingen.
2326 4516 3122 4556 In het Ypersche werden onze loop-
2278 4570 3126 4610 grachten door gansch eene vijandelij-
2278 4622 3114 4664 ke brigade aangevall�n. Die aanval mis-
2290 4673 3120 4721 lukte en de vijand liet er 1 1/2 bataljon
2278 4730 2538 4781 mannen bij.
2332 4792 3132 4835 Langs de zee. — De Zwarten heb-
2296 4847 3126 4897 ben den ''Hoogen Duin'' ingenomen.
2296 4907 3118 4953 Maar in den aanval hebben zij hunne
2280 4965 3120 5011 officieren verloren, en zoo kwam het dat
2278 5022 3118 5070 zij slechts den helft van den ''Hoogen
2294 5080 3106 5130 Duin'' hebben behouden. 't Is eene stel-
2292 5141 2736 5190 ling van groot belang.
2336 5201 3128 5250 In de streek van La Bassée, bij
2280 5257 3124 5305 Givenchy en Cuinchy onderging hij ook
2288 5313 3112 5365 eene ware nederlaag. Zijne legers waag-
2278 5381 3124 5425 den tot 5 aanvallen en zagen hunne po-
2292 5439 3116 5483 gingen zelfs reeds bekroond met eene
2288 5495 3124 5543 kleine aanwinst; doch bijna onmiddelijk
2288 5554 3112 5600 werden zij teruggeslagen. Vele gesneu-
2280 5610 3126 5658 velde soldaten en krijgsgevangenen ble-
2290 5668 3110 5718 ven in onze handen. Op de baan van
2292 5732 3128 5776 La Bassée naar Béthune alleen lagen er
2286 5795 3124 5837 466 lijken, waaronder 6 officieren. Tus-
2278 5851 3114 5897 schen de banen Béthune-La Bassée en
2278 5911 3116 5957 Aix-Moulette heeft het geschut van het
2280 5970 3114 6018 voetvolk en van onze artillerie een vijan-
2294 6028 2734 6074 delijken aanval belet.
2338 6088 3114 6134 Van Arras tot Reims — In de
2292 6146 3130 6194 Aisne-vallei hebben de gevechten ook in
2288 6207 3112 6249 hevigheid toegenomen. Te Saint-Mard,
2278 6265 3116 6309 bij Vailly, was de vijand erin gelukt een
2286 6324 3120 6368 vijftigtal meters van onze loopgrachten
2288 6383 3124 6425 te doen springen. Hij heeft ze niet kun-
2292 6441 3118 6485 nen veroveren. Ten westen van Craonne
2282 6502 3118 6545 meende de Dtuisch ons eene volledige
2280 6560 3120 6601 nederlaag te doen ondergaan. En-
2294 6615 3132 6662 kel eenige loopgrachten tusschen
2284 6675 3120 6722 Heurtebise en het bosch Foulon werden
3176 3174 4016 3218 ons ontnomen. Doch in korten tijd vero-
3182 3234 4030 3278 verden wij wederom een deel er van
3182 3294 4016 3336 en namen vele krijgsgevangenen. Te
3176 3350 4008 3394 Berry-au-Bac werd een vijandelijke te-
3174 3410 3630 3462 genaanval afgeweerd.
3226 3470 4028 3516 Van Reims tot Verdun. — in
3192 3529 4012 3573 de streek van Reims heeft onze Artillerie
3186 3588 4016 3634 goed werk verricht: verschillige vijan-
3192 3646 4008 3692 delijke werken en verschansingen vernie-
3180 3710 3272 3752 tigd.
3220 3766 4028 3810 Bij Perthes werden 4 hevige aanvallen
3180 3824 3416 3870 afgeslagen.
3224 3885 4008 3929 In Argonne, geweldige gevechten.
3172 3943 4016 3985 Bij St. Hubert en Fontaine-Madame
3184 4002 4028 4048 hebben wij na 2 aanvallen onze laatst
3186 4059 4020 4107 verloren stellingen wederom veroverd.
3178 4116 4010 4164 Vele tegenaanvallen werden vervolgens
3180 4178 3436 4224 afgeslagen.
3224 4239 4020 4281 Van Verdun tot Belfort. — Al
3192 4297 4032 4341 de bruggen, die de vijand bij St. Mihiel
3184 4355 4024 4399 over de Maas geworpen had, zijn ver-
3184 4415 3366 4461 nietigd..
3218 4472 4030 4513 Op Hoog-Elzas werden geen nieuwe
3176 4528 4030 4575 gevechten geleverd bij Hartmannswil-
3182 4588 4014 4633 lerkopf Thann, Lembach en Sentheim
3184 4647 4020 4689 werden door den vijand gebombardeerd.
3272 4738 3936 4890 OP HET OOSTELIJK FRONT.
3224 4902 4016 4946 De officieele Communiqué, van den
3188 4962 4008 5006 23en en 24en meldt geene enkele be-
3182 5021 4008 5063 langrijke wijziging: In de streek
3188 5077 4020 5125 tusschen de Vistule en de Mlava,
3184 5136 4028 5182 eenige kleine schermutselingen en
3184 5194 4028 5242 wat geschutvuur; op de linkeroever
3184 5255 4024 5303 van de Vistule, betrekkelijke kalmte.
3224 5311 4028 5359 Ten noorden de pachthoeve van
3176 5370 4006 5418 Borgimov slaagden de Duitschers
3190 5427 4022 5474 erin een onzer meest uitspringende
3174 5485 4006 5534 loopgrachten te veroveren. Den vol-
3174 5547 4018 5593 genden dag poogden de Duitschers
3176 5605 4016 5655 aanvallend op te treden maar een
3180 5663 4018 5713 doelmatig welgericht vuur belette ze
3186 5726 4018 5778 vooruit te rukken. Op een punt, dank
3188 5786 4016 5840 zij het vuur onzer zware artillerie,
3176 5842 3998 5894 hebben wij een vijandelijke loop-
3180 5903 4016 5955 gracht bestormd en de mitrailleuzen
3180 5962 3480 6004 buitgemaakt.
3234 6021 4022 6073 Ten noorden Rawa op de Rawka
3190 6079 4010 6129 heeft onze artillerie eenen geblindeer-
3176 6142 3654 6190 den auto vernietigd.
3224 6200 4014 6258 In Galicie heerscht er wat meer
3180 6258 4004 6314 bedrijvigheid bij de Oostenrijkers,
3184 6318 3998 6374 langs de hoogten der oostersch Kar-
3178 6377 3350 6427 pathen.
3222 6433 4016 6491 Volgens de oorlogscorrespondent
3182 6491 4006 6550 van de Daily Telegraph te Petrograd
3182 6556 4006 6610 zijn er belangrijke vijandelijke oor-
3180 6614 4006 6668 logsmachten in de richting van Kir-
3184 6677 4000 6728 libaba vereenigd. Een Duitsch-Oos-
4086 3179 4934 3229 tenrijksch leger, ongeveer 400.000
4086 3240 4924 3287 mannen sterk, schijnt in Hongarië
4086 3300 4928 3344 gegroepeerd te zijn om de voor-
4078 3354 4926 3402 waartsrukkenke Russen door het Kar-
4088 3417 4922 3469 pathengebergte te belemmeren. Een
4072 3475 4920 3525 nieuwe veldtocht tegen Serbië blijkt
4082 3535 4932 3590 voor 't oogenblik onwaarschijnlijk,
4080 3593 4922 3640 daar de optocht der Russen door Bu-
4078 3649 4922 3701 kovine en Transylvanie de twee mo-
4088 3711 4936 3759 gendheden ernstig bedreigt. Door
4080 3767 4940 3821 eenen hardnekkigen aanval hebben
4078 3829 4936 3887 de Russen het distrikt van Jacobini,
4078 3885 4940 3943 de sleutel van Hongarie, veroverd;
4070 3945 4932 3999 en Dornawaka de laatste stad van
4082 4006 4940 4059 Bukovine dreigt onvermijdelijk te
4084 4060 4228 4111 vallen
4110 4121 4930 4177 In den Caucasus. — Ons offen-
4084 4179 4922 4233 sief in de streek van de Tchorokhri-
4078 4237 4940 4295 vier duurt voort spijts den verwoeden
4078 4297 4612 4345 tegenstand der Turken.
4118 4357 4922 4409 In de richting van Olty, schermut-
4070 4413 4928 4471 selingen met kleine turksche detache-
4080 4471 4940 4529 menten. Op de andere punten van
4084 4531 4942 4585 het front hoort men het gewoon ka-
4078 4591 4400 4639 nongebulder.
4104 4680 4908 4748 Belgische soldaten leest en
4198 4756 4830 4824 verspreidt Uw blad
4078 4819 4940 4910 ''de Belgische Standaard!,,
4174 4912 4850 5078 Spaarboekjes.
4126 5063 4940 5118 De postbureelen in Frankrijk zullen
4078 5115 4928 5170 weergaven doen op de Belgische spaar-
4088 5169 4938 5222 boekjes, rechtstreeks, zonder tusschen-
4082 5223 4948 5284 komst van den Belgischen dienst en dit
4082 5279 4940 5336 tot op den dag dat de Centrale Dienst,
4080 5333 4932 5390 in Brussel gebleven, opnieuw zal werken.
4128 5389 4944 5442 De houders dier spaarboekjes, nu in
4072 5445 4930 5496 Frankrijk, kunnen een som optrekken
4084 5501 4932 5554 gaande tot 50 fr., alle veertien dagen.
4092 5553 4930 5604 Die som kunnen ze krij�en in 't is een-
4072 5611 4950 5660 der welk postbureel, op voorwaarde dat
4078 5663 4940 5716 ze een betalingsbevel hebben, van wege
4076 5719 4932 5770 den Dienst der loopende rekeningen van
4070 5777 4870 5822 de Nationale Spaarkas van Frankrijk.
4124 5832 4938 5883 De aanvragen van terugbetaling, op-
4070 5888 4938 5931 gesteld volgens de formulen van den in-
4072 5942 4942 5988 ternationalen dienst en vergezeld van het
4070 5991 4938 6044 spaarboekje, zullen ontvangen worden
4080 6049 4932 6096 van af 21 Januari 1915, op alle postbu-
4072 6105 4928 6150 reelen en op de kantooren van een ''fac-
4062 6157 4410 6204 teur-receveur''.
4156 6198 4868 6366 De Zaak Desclaux.
4124 6343 4940 6393 De oud kabinetsoverste van Minister
4072 6395 4746 6439 Caillaux is aangehouden te Parijs.
4102 6446 4944 6490 Hij was tegenwoordig belast met de be-
4070 6495 4918 6543 talingen van 't leger. Men weet nog niet
4088 6547 4920 6591 juist welke beschuldiging op hem weegt.
4080 6599 4932 6643 Doch zeker is 't dat hij grootelijks verdacht
4078 6647 4926 6691 wordt, samen met Mme X., van geld-achter-
4066 6696 4242 6744 houding.
